@article{worldwar_resistance,
author = {C. Lee Ventola},
title = {The Antibiotic Resistance Crisis},
journaltitle = {Pharmacy and Therapeutics},
year = {2015},
}
@online{swiss_hospitals,
	ALTauthor = {Bundesamt für Gesundheit BAG},
	ALTeditor = {editor},
	title = {Antibiotikaresistenzen},
	date = {2019-03-27},
	url = {https://www.bag.admin.ch/bag/de/home/krankheiten/infektionskrankheiten-bekaempfen/antibiotikaresistenzen/wie-viele-antibiotika-verbrauchen-wir---.html}
}
@online{swiss_hospitals_pathogens,
	ALTauthor = {Bundesamt für Gesundheit BAG},
	ALTeditor = {editor},
	title = {Antibiotikaresistenzen},
	date = {2019-03-27},
	url = {https://www.bag.admin.ch/bag/de/home/krankheiten/infektionskrankheiten-bekaempfen/antibiotikaresistenzen/welche-bakteriellen-krankheiten-gibt-es-.html}
}
@article{esbl_introduction,
	author = {George A. Jacoby, Paula Han},
	title = {Detection of Extended-Spectrum b-Lactamases in Clinical
	Isolates of Klebsiella pneumoniae and Escherichia coli},
	journaltitle = {Journal of Clinical -robiology},
	year = {1996},
}
@article{esbl_introduction_emerg,
	author = {Ilse Overdevest et al.},
	title = {Extended-Spectrum β-Lactamase Genes of Escherichia coli in Chicken Meat and Humans, the Netherlands},
	journaltitle = {Emerg Infect Dis.},
	year = {2011},
}
@article{eucast,
	author = {Leclercq R et al.},
	title = {EUCAST expert rules in anti-robial susceptibility testing.
	},
	journaltitle = {Clinical -robiology and infection},
	year = {2013},
}
@article{ctx-m,
	author = {Patricia A. Bradford},
	title = {Extended-Spectrum β-Lactamases in the 21st Century: Characterization, Epidemiology, and Detection of This Important Resistance Threat
	},
	journaltitle = {Clinical -robiology Review},
	year = {2001},
}
@online{anresis,
	ALTauthor = {anresis},
	ALTeditor = {editor},
	title = {Antibiotic resistance data},
	date = {2019-03-28},
	url = {http://www.anresis.ch/index.php/Resistance-data-human-medicine.html}
}
@article{cefepime,
	author = {G. L. Drusano et al.},
	title = {Resistance Emergence Mechanism and Mechanism of Resistance Suppression by Tobramycin for Cefepime for Pseudomonas aeruginosa},
	journaltitle = {Anti-rob Agents Chemother.},
	year = {2012},
}
@article{morb_toprak,
	author = {Erdal Toprak et al.},
	title = {Building a Morbidostat: An automated continuous-culture device
	for studying bacterial drug resistance under dyna-ally
	sustained drug inhibition},
	journaltitle = {PMC},
	year = {2013},
}
@article{spades,
	author = {Sergey Nurk},
	title = {Assembling Genomes and Mini-metagenomes from Highly Chimeric Reads},
	journaltitle = {Research in Computational Molecular Biology},
	year = {2013},
}
@article{prokka,
	author = {Seemann T.},
	title = {Prokka: Rapid Prokaryotic Genome Annotation},
	journaltitle = {Bioinformatics},
	year = {2014},
}
@article{panx,
	author = {Wei Ding},
	title = {Prokka: Rapid Prokaryotic Genome Annotation},
	journaltitle = {panX: pan-genome analysis and exploration},
	year = {2017},
}
@article{nanopore,
	author = {Nicholas Noll et al.},
title = {Prokka: Resolving structural diversity of Carbapenemase-producing
	gram-negative bacteria using single molecule sequencing},
journaltitle = {bioarchive},
year = {2018},
}
@article{unicycler,
	author = {Ryan R. Wick et al.},
title = {Unicycler: Resolving bacterial genome assemblies from short and long sequencing reads},
journaltitle = {PLOS computational biology},
year = {2017},
}
@article{bwa_mem,
	author = {Li H. and Durbin R. et al.},
	title = {Fast and accurate short read alignment with Burrows-Wheeler Transform},
	journaltitle = {Bioinformatics},
	year = {2009},
}
@article{pepper,
	author = {Anne de Jong et al.},
	title = {PePPER: a webserver for prediction of prokaryote promoter elements and regulons},
	journaltitle = {BMC Geno-s},
	year = {2011},
}
@online{ecocyc,
	ALTauthor = {EcoCyc},
	ALTeditor = {EcoCyc},
	title = {SmartTable: All promoters of E. coli K-12 substr. MG1655},
	date = {2019-04-02},
	url = {https://www.bag.admin.ch/bag/de/home/krankheiten/infektionskrankheiten-bekaempfen/antibiotikaresistenzen/wie-viele-antibiotika-verbrauchen-wir---.html}
}
@online{trim_galore,
	ALTauthor = {Felix Krueger},
	ALTeditor = {Felix Krueger},
	title = {Trim Galore},
	date = {2019-04-02},
	url = {http://www.bioinformatics.babraham.ac.uk/projects/trim_galore/}
}
@online{piezo_pumps,
	ALTauthor = {servoflo},
	title = {mp6 Piezoelectric Diaphragm Micropump},
	date = {2019-04-02},
	url = {https://www.servoflo.com/micropumps/mp6}
}







